<record><leader>00000cas a22000007a 4500</leader><controlfield tag="001">37568091</controlfield><controlfield tag="008">970904c199u9999ksuwr n       0   a0eng c</controlfield><datafield ind1=" " ind2=" " tag="010"><subfield code="a">sn 97001887 </subfield></datafield><datafield ind1=" " ind2=" " tag="040"><subfield code="a">NSD</subfield><subfield code="b">eng</subfield><subfield code="c">NSD</subfield><subfield code="d">OCLCQ</subfield></datafield><datafield ind1=" " ind2=" " tag="012"><subfield code="m">1</subfield></datafield><datafield ind1="1" ind2=" " tag="022"><subfield code="a">1095-6786</subfield><subfield code="l">1095-6786</subfield><subfield code="2">1</subfield></datafield><datafield ind1=" " ind2=" " tag="032"><subfield code="a">040540</subfield><subfield code="b">USPS</subfield></datafield><datafield ind1=" " ind2=" " tag="037"><subfield code="b">Telegraphics, 2951 Four wheel Dr., Lawrence, KS 66046</subfield></datafield><datafield ind1=" " ind2=" " tag="042"><subfield code="a">nsdp</subfield><subfield code="a">pcc</subfield></datafield><datafield ind1=" " ind2="0" tag="222"><subfield code="a">Baldwin City ledger</subfield></datafield><datafield ind1="0" ind2="0" tag="245"><subfield code="a">Baldwin City ledger.</subfield></datafield><datafield ind1="1" ind2="7" tag="246"><subfield code="a">Baldwin ledger</subfield></datafield><datafield ind1=" " ind2=" " tag="260"><subfield code="a">Lawrence, KS :</subfield><subfield code="b">Telegraphics, Inc.</subfield></datafield><datafield ind1=" " ind2=" " tag="300"><subfield code="a">v.</subfield></datafield><datafield ind1=" " ind2=" " tag="310"><subfield code="a">Weekly</subfield></datafield><datafield ind1=" " ind2=" " tag="588"><subfield code="a">Description based on: Vol. 112, issue 44 (Aug. 15-Aug. 22, 1997).</subfield></datafield><datafield ind1=" " ind2=" " tag="752"><subfield code="a">United States</subfield><subfield code="b">Kansas</subfield><subfield code="c">Douglas</subfield><subfield code="d">Baldwin City.</subfield></datafield><datafield ind1="0" ind2="0" tag="780"><subfield code="t">Baldwin ledger</subfield><subfield code="x">0745-9335</subfield><subfield code="w">(DLC)sn 83009089</subfield></datafield></record>